@misc{PFGPlots,
	title = {{PGFPlots - A LaTeX package to create plots.}},
	url = {https://pgfplots.sourceforge.net/},
}
@book{MathPhysics,
  author = {姚端正},
  editor = {周国全,贾俊基},
  publisher = {科学出版社},
  title = {数学物理方法},
  year = {2019}
}