@misc{PFGPlots,
	title = {{PGFPlots - A LaTeX package to create plots.}},
	url = {https://pgfplots.sourceforge.net/},
}
@book{MP,
  author = {姚端正 and 周国全and 贾俊基},
  editor = {},
  publisher = {科学出版社},
  title = {数学物理方法},
  year = {2019}
}
@book{suan,
  author = {Thomas H.Cormen and Charles E.Leiserson},
  editor = {殷建平等},
  publisher = {机械工业出版社},
  title = {算法导论},
  year = {2013}
}
@book{Ha,
  author = {Sadri Hassani},
  editor = {},
  publisher = {Springer},
  title = {Mathematical Physics},
  year = {2013}
}
@book{Numerical,
  author = {{Richard L. Burden and J. Douglas Faires}},
  editor = {},
  publisher = {Richard Stratton},
  title = {Numerical Analysis},
  year = {2010},
  page = {124-274}
}