@misc{PFGPlots,
	title = {{PGFPlots - A LaTeX package to create plots.}},
	url = {https://pgfplots.sourceforge.net/},
}
@book{MathPhysics,
  author = {姚端正,周国全,贾俊基},
  editor = {},
  publisher = {科学出版社},
  title = {数学物理方法},
  year = {2019}
}
@book{Numerical,
  author = {{Richard L. Burden and J. Douglas Faires}},
  editor = {},
  publisher = {Richard Stratton},
  title = {Numerical Analysis},
  year = {2010},
  page = {124-274}
}

