@book{key,
  author = {作者},
  editor = {编辑},
  publisher = {出版社},
  title = {标题},
  year = {2025}
}
@misc{url,
  author = {Jonathan Lin},
  url={https://cn.overleaf.com/project/67d429aed396086bd4f730ff},
}